@article{greenwade93,
    author  = "George D. Greenwade",
    title   = "The {C}omprehensive {T}ex {A}rchive {N}etwork ({CTAN})",
    year    = "1993",
    journal = "TUGBoat",
    volume  = "14",
    number  = "3",
    pages   = "342--351"
}

@article{CC01a,
    author = {Chang, Chih-Chung and Lin, Chih-Jen},
    title = {{LIBSVM}: A library for support vector machines},
    journal = {ACM Transactions on Intelligent Systems and Technology},
    volume = {2},
    issue = {3},
    year = {2011},
    pages = {27:1--27:27},
    note =   {Software available at \url{http://www.csie.ntu.edu.tw/~cjlin/libsvm}}
}

@article{masonfailure,
    title={Failure Detection in Assembly: Force Signature Analysis},
    author={Mason, Alberto Rodriguez David Bourne Mathew and Wang, Gregory F Rossano JianJun},
    publisher={Citeseer}
}

@inproceedings{rodriguez2011abort,
    title={Abort and retry in grasping},
    author={Rodriguez, Alberto and Mason, Matthew T and Srinivasa, Siddhartha S and Bernstein, Matthew and Zirbel, Alex},
    booktitle={Intelligent Robots and Systems (IROS), 2011 IEEE/RSJ International Conference on},
    pages={1804--1810},
    year={2011},
    organization={IEEE}
}

@inproceedings{di2013bayesian,
    title={Bayesian time-series models for continuous fault detection and recognition in industrial robotic tasks},
    author={Di Lello, Enrico and Klotzbucher, Markus and De Laet, Tinne and Bruyninckx, Herman},
    booktitle={Intelligent Robots and Systems (IROS), 2013 IEEE/RSJ International Conference on},
    pages={5827--5833},
    year={2013},
    organization={IEEE}
}


@misc{hsu2003practical,
    title={A practical guide to support vector classification},
    author={Hsu, Chih-Wei and Chang, Chih-Chung and Lin, Chih-Jen and others},
    year={2003}
}

@article{keerthi2003asymptotic,
    title={Asymptotic behaviors of support vector machines with Gaussian kernel},
    author={Keerthi, S Sathiya and Lin, Chih-Jen},
    journal={Neural computation},
    volume={15},
    number={7},
    pages={1667--1689},
    year={2003},
    publisher={MIT Press}
}

